@article{bosten2022mortar,
  title={A mortar formulation for frictionless line-to-line beam contact},
  author={Bosten, Armin and Cosimo, Alejandro and Linn, Joachim and Br{\"u}ls, Olivier},
  journal={Multibody System Dynamics},
  volume={54},
  number={1},
  pages={31--52},
  year={2022},
  publisher={Springer}
}

@article{sonneville2014geometrically,
  title={Geometrically exact beam finite element formulated on the special Euclidean group SE (3)},
  author={Sonneville, Valentin and Cardona, Alberto and Br{\"u}ls, O},
  journal={Computer Methods in Applied Mechanics and Engineering},
  volume={268},
  pages={451--474},
  year={2014},
  publisher={Elsevier}
}

@software{odin2022,
  author = {Cosimo, A. and Br{\"u}ls, O.},
  title        = {Odin},
  note          = {https://gitlab.uliege.be/am-dept/odin. DOI: https://doi.org/10.5281/zenodo.7468114, 2022.}
}

@inproceedings{daviet2011hybrid,
  title={A hybrid iterative solver for robustly capturing coulomb friction in hair dynamics},
  author={Daviet, Gilles and Bertails-Descoubes, Florence and Boissieux, Laurence},
  booktitle={Proceedings of the 2011 SIGGRAPH Asia Conference},
  pages={1--12},
  year={2011}
}

@article{tasora2020geometrically,
  author={Tasora, A. and Benatti, S. and Mangoni, D. and Garziera, R.},
  title={A geometrically exact isogeometric beam for large displacements and contacts},
  journal={Computer Methods in Applied Mechanics and Engineering},
  volume={358},
  pages={112635},
  year={2020},
  publisher={Elsevier}
}

@article{cosimo2020robust,
  title={A robust nonsmooth generalized-$\alpha$ scheme for flexible systems with impacts},
  author={Cosimo, A. and Galvez, J. and Cavalieri, F.J. and Cardona, A. and Br{\"u}ls, O.},
  journal={Multibody System Dynamics},
  volume={48},
  number={2},
  pages={127--149},
  year={2020},
  publisher={Springer}
}